@article{radford2019language,
	title={Language Models are Unsupervised Multitask Learners},
	author={Radford, Alec and Wu, Jeff and Child, Rewon and Luan, David and Amodei, Dario and Sutskever, Ilya},
	year={2019}
}

@inproceedings{Peters:2018,
	author={Peters, Matthew E. and  Neumann, Mark and Iyyer, Mohit and Gardner, Matt and Clark, Christopher and Lee, Kenton and Zettlemoyer, Luke},
	title={Deep contextualized word representations},
	booktitle={Proc. of NAACL},
	year={2018}
}